% @book{SuttonBarto,
%   author    = {Richard S. Sutton and Andrew G. Barto},
%   title     = {Reinforcement Learning: An Introduction},
%   year      = {2018},
%   publisher = {MIT Press},
%   address   = {Cambridge, Massachusetts (MA)},
%   url       = {http://incompleteideas.net/book/the-book.html}
% }

@article{Mnih2015,
  author    = {Mnih, Volodymyr
    and Kavukcuoglu, Koray
    and Silver, David
    and Rusu, Andrei A.
    and Veness, Joel
    and Bellemare, Marc G.
    and Graves, Alex
    and Riedmiller, Martin
    and Fidjeland, Andreas K.
    and Ostrovski, Georg
    and Petersen, Stig
    and Beattie, Charles
    and Sadik, Amir
    and Antonoglou, Ioannis
    and King, Helen
    and Kumaran, Dharshan
    and Wierstra, Daan
    and Legg, Shane
    and Hassabis, Demis},
  title     = {Human-level control through deep reinforcement learning},
  journal   = {Nature},
  year      = {2015},
  month     = {Feb},
  day       = {01},
  volume    = {518},
  number    = {7540},
  pages     = {529--533},
  abstract  = {An artificial agent is developed that learns to play a diverse range of classic Atari 2600 computer games directly from sensory experience, achieving a performance comparable to that of an expert human player; this work paves the way to building general-purpose learning algorithms that bridge the divide between perception and action.},
  issn      = {1476-4687},
  doi       = {10.1038/nature14236},
  %url="https://doi.org/10.1038/nature14236"
}

@article{mnih2013playing,
  author    = {Volodymyr Mnih and
               Koray Kavukcuoglu and
               David Silver and
               Alex Graves and
               Ioannis Antonoglou and
               Daan Wierstra and
               Martin A. Riedmiller},
  title     = {Playing Atari with Deep Reinforcement Learning},
  journal   = {arXiv preprint},
  year      = {2013},
  archivePrefix = {arXiv},
  arxivid   = {1312.5602},
  eprint    = {1312.5602},
}

@article{Bellemare_2013,
  author    = {Marc G. Bellemare and
               Yavar Naddaf and
               Joel Veness and
               Michael Bowling},
  title     = {The Arcade Learning Environment: An Evaluation Platform for General
               Agents},
  journal   = {Journal of Artificial Intelligence Research},
  volume    = {47},
  publisher = {AI Access Foundation},
  year      = {2013},
  month     = {Jun},
  pages     = {253–279},
  archivePrefix = {arXiv},
  arxivid   = {1207.4708},
  eprint    = {1207.4708},
  DOI       = {10.1613/jair.3912},
  ISSN={1076-9757},
}

@article{machado2017revisiting,
  author    = {Marlos C. Machado and
               Marc G. Bellemare and
               Erik Talvitie and
               Joel Veness and
               Matthew J. Hausknecht and
               Michael Bowling},
  title     = {Revisiting the Arcade Learning Environment: Evaluation Protocols and
               Open Problems for General Agents},
  journal   = {arXiv preprint},
  year      = {2017},
  archivePrefix = {arXiv},
  arxivid   = {1709.06009},
  eprint    = {1709.06009},
}